<record><leader>00000cas a22000007a 4500</leader><controlfield tag="001">12996042</controlfield><controlfield tag="008">860109d19471967njuwr ne      0    0eng d</controlfield><datafield ind1=" " ind2=" " tag="010"><subfield code="a">sn 86077003 </subfield></datafield><datafield ind1=" " ind2=" " tag="040"><subfield code="a">NPA</subfield><subfield code="b">eng</subfield><subfield code="c">NPA</subfield><subfield code="d">NJW</subfield><subfield code="d">OCLCQ</subfield></datafield><datafield ind1=" " ind2=" " tag="042"><subfield code="a">msc</subfield></datafield><datafield ind1="0" ind2=" " tag="130"><subfield code="a">Spokesman New Brunswick (1947)</subfield></datafield><datafield ind1="1" ind2="0" tag="245"><subfield code="a">Spokesman New Brunswick.</subfield></datafield><datafield ind1="3" ind2="0" tag="246"><subfield code="a">Spokesman</subfield></datafield><datafield ind1=" " ind2=" " tag="260"><subfield code="a">New Brunswick, N.J. :</subfield><subfield code="b">Spokesman Pub. Co.,</subfield><subfield code="c">1947-1967.</subfield></datafield><datafield ind1=" " ind2=" " tag="300"><subfield code="a">v. :</subfield><subfield code="b">ill.</subfield></datafield><datafield ind1=" " ind2=" " tag="310"><subfield code="a">Weekly</subfield></datafield><datafield ind1="0" ind2=" " tag="362"><subfield code="a">Vol. 22, no. 39 (June 20, 1947)-v. 43, no. 41 (July 14, 1967).</subfield></datafield><datafield ind1=" " ind2=" " tag="500"><subfield code="a">Issues for July 7-14, 1967 published as: Spokesman.</subfield></datafield><datafield ind1=" " ind2=" " tag="500"><subfield code="a">Published by New Brunswick Pub. Co., July 7-14, 1967.</subfield></datafield><datafield ind1=" " ind2=" " tag="752"><subfield code="a">United States</subfield><subfield code="b">New Jersey</subfield><subfield code="c">Middlesex</subfield><subfield code="d">New Brunswick.</subfield></datafield><datafield ind1="0" ind2="0" tag="780"><subfield code="t">Spokesman (New Brunswick, N.J. : 1925 : New Brunswick ed.)</subfield><subfield code="w">(DLC)sn 86077000</subfield><subfield code="w">(OCoLC)12996032</subfield></datafield><datafield ind1="0" ind2="0" tag="785"><subfield code="t">New Brunswick spokesman (1967)</subfield><subfield code="w">(DLC)sn 86077005</subfield><subfield code="w">(OCoLC)12996052</subfield></datafield></record>